<?xml version="1.0" encoding="UTF-8"?><collection xmlns="http://www.loc.gov/MARC21/slim"><record><leader>00397nam--2200145-i-4500</leader><controlfield tag="001">000030812</controlfield><controlfield tag="002">20161230</controlfield><controlfield tag="005">20161230201038</controlfield><controlfield tag="008">060222s1000------------r-----000-0-eng-d</controlfield><datafield ind1=" " ind2=" " tag="100"><subfield code="a">Mcelrath, G.W</subfield></datafield><datafield ind1=" " ind2=" " tag="245"><subfield code="a">Lindgren, b.w</subfield></datafield><datafield ind1=" " ind2=" " tag="260"><subfield code="a">Introduction To Probability And Statistics</subfield></datafield><datafield ind1=" " ind2=" " tag="490"><subfield code="a">New York, Mcmillan Company, 1960. Xiii + 277p</subfield></datafield><datafield ind1=" " ind2=" " tag="852"><subfield code="a">13659</subfield><subfield code="c">519.2</subfield></datafield><datafield ind1=" " ind2=" " tag="CAT"><subfield code="a">Sys</subfield><subfield code="c">20080915</subfield><subfield code="h">113916</subfield></datafield></record></collection>